@inproceedings{paek1999uncertainty,
  title={Uncertainty, utility, and misunderstanding: A decision-theoretic perspective on grounding in conversational systems},
  author={Paek, Tim and Horvitz, Eric},
  booktitle={AAAI Fall Symposium on Psychological Models of Communication, North},
  year={1999}
}

@article{brennan1998grounding,
  title={The grounding problem in conversations with and through computers},
  author={Brennan, Susan E},
  journal={Social and cognitive approaches to interpersonal communication},
  pages={201--225},
  year={1998}
}

@inbook{clark_1996, place={Cambridge}, series={'Using' Linguistic Books}, title={Grounding}, DOI={10.1017/CBO9780511620539.009}, booktitle={Using Language}, publisher={Cambridge University Press}, author={Clark, Herbert H.}, year={1996}, pages={221â€“252}, collection={'Using' Linguistic Books}}

@incollection{kamp2011discourse,
  title={Discourse representation theory},
  author={Kamp, Hans and Van Genabith, Josef and Reyle, Uwe},
  booktitle={Handbook of philosophical logic},
  pages={125--394},
  year={2011},
  publisher={Springer}
}
